<?xml version="1.0" encoding="UTF-8"?>
  <record xmlns="http://www.loc.gov/MARC21/slim" type="Authority">
    <leader>00000nz  a2200000nc 4500</leader>
    <controlfield tag="001">1166467570</controlfield>
    <controlfield tag="003">DE-101</controlfield>
    <controlfield tag="005">20180919053435.0</controlfield>
    <controlfield tag="008">180907n||azznnaabn           | ana    |c</controlfield>
    <datafield tag="024" ind1="7" ind2=" ">
      <subfield code="a">1166467570</subfield>
      <subfield code="0">http://d-nb.info/gnd/1166467570</subfield>
      <subfield code="2">gnd</subfield>
    </datafield>
    <datafield tag="035" ind1=" " ind2=" ">
      <subfield code="a">(DE-101)1166467570</subfield>
    </datafield>
    <datafield tag="035" ind1=" " ind2=" ">
      <subfield code="a">(DE-588)1166467570</subfield>
    </datafield>
    <datafield tag="040" ind1=" " ind2=" ">
      <subfield code="a">DE-101</subfield>
      <subfield code="c">DE-101</subfield>
      <subfield code="9">r:DE-101</subfield>
      <subfield code="b">ger</subfield>
      <subfield code="d">9999</subfield>
      <subfield code="e">rda</subfield>
    </datafield>
    <datafield tag="042" ind1=" " ind2=" ">
      <subfield code="a">gnd1</subfield>
    </datafield>
    <datafield tag="043" ind1=" " ind2=" ">
      <subfield code="c">XA-DE</subfield>
    </datafield>
    <datafield tag="065" ind1=" " ind2=" ">
      <subfield code="a">3.6p</subfield>
      <subfield code="2">sswd</subfield>
    </datafield>
    <datafield tag="065" ind1=" " ind2=" ">
      <subfield code="a">4.7p</subfield>
      <subfield code="2">sswd</subfield>
    </datafield>
    <datafield tag="075" ind1=" " ind2=" ">
      <subfield code="b">u</subfield>
      <subfield code="2">gndgen</subfield>
    </datafield>
    <datafield tag="075" ind1=" " ind2=" ">
      <subfield code="b">wit</subfield>
      <subfield code="2">gndspec</subfield>
    </datafield>
    <datafield tag="079" ind1=" " ind2=" ">
      <subfield code="a">g</subfield>
      <subfield code="q">s</subfield>
      <subfield code="u">w</subfield>
    </datafield>
    <datafield tag="100" ind1="1" ind2=" ">
      <subfield code="a">Arndt, Johann</subfield>
      <subfield code="d">1555-1621</subfield>
      <subfield code="t">Paradiesgärtlein</subfield>
    </datafield>
    <datafield tag="377" ind1=" " ind2="7">
      <subfield code="a">ger</subfield>
      <subfield code="2">iso639-2b</subfield>
    </datafield>
    <datafield tag="400" ind1="1" ind2=" ">
      <subfield code="a">Arndt, Johann</subfield>
      <subfield code="d">1555-1621</subfield>
      <subfield code="t">Paradiß Gärtlein</subfield>
    </datafield>
    <datafield tag="400" ind1="1" ind2=" ">
      <subfield code="a">Arndt, Johann</subfield>
      <subfield code="d">1555-1621</subfield>
      <subfield code="t">Paradiß-Gärtlein</subfield>
    </datafield>
    <datafield tag="400" ind1="1" ind2=" ">
      <subfield code="a">Arndt, Johann</subfield>
      <subfield code="d">1555-1621</subfield>
      <subfield code="t">Paradißgärtlein</subfield>
    </datafield>
    <datafield tag="400" ind1="1" ind2=" ">
      <subfield code="a">Arndt, Johann</subfield>
      <subfield code="d">1555-1621</subfield>
      <subfield code="t">Paradyss Gartlein</subfield>
    </datafield>
    <datafield tag="400" ind1="1" ind2=" ">
      <subfield code="a">Arndt, Johann</subfield>
      <subfield code="d">1555-1621</subfield>
      <subfield code="t">Paradyßgärtlein</subfield>
    </datafield>
    <datafield tag="500" ind1="1" ind2=" ">
      <subfield code="0">(DE-101)118504134</subfield>
      <subfield code="0">(DE-588)118504134</subfield>
      <subfield code="0">https://d-nb.info/gnd/118504134</subfield>
      <subfield code="a">Arndt, Johann</subfield>
      <subfield code="d">1555-1621</subfield>
      <subfield code="4">aut1</subfield>
      <subfield code="4">https://d-nb.info/standards/elementset/gnd#firstAuthor</subfield>
      <subfield code="w">r</subfield>
      <subfield code="i">Verfasserschaft1</subfield>
      <subfield code="e">Verfasserschaft1</subfield>
    </datafield>
    <datafield tag="548" ind1=" " ind2=" ">
      <subfield code="a">1612</subfield>
      <subfield code="4">datj</subfield>
      <subfield code="4">https://d-nb.info/standards/elementset/gnd#dateOfPublication</subfield>
      <subfield code="w">r</subfield>
      <subfield code="i">Erscheinungszeit</subfield>
    </datafield>
    <datafield tag="670" ind1=" " ind2=" ">
      <subfield code="a">BVB-AK</subfield>
    </datafield>
    <datafield tag="670" ind1=" " ind2=" ">
      <subfield code="a">Park, Jeung Keun: Johann Arndts Paradiesgärtlein, Vandenhoeck &amp; Ruprecht, 2018</subfield>
    </datafield>
    <datafield tag="678" ind1=" " ind2=" ">
      <subfield code="b">Gebetbuch, Erstausgabe 1612 erschienen</subfield>
    </datafield>
  </record>
